@misc{web:stratifiedKFold,
  author = {Sickit Learn},
  title = {StratifiedKFold},
  howpublished = {\url{https://scikit-learn.org/dev/modules/generated/sklearn.model_selection.StratifiedKFold.html}}
}